<record><leader>00000cas a22000007a 4500</leader><controlfield tag="001">15153482</controlfield><controlfield tag="008">870205u1851uuuumsuir ne      0    0eng d</controlfield><datafield ind1=" " ind2=" " tag="010"><subfield code="a">sn 87090144 </subfield></datafield><datafield ind1=" " ind2=" " tag="040"><subfield code="a">PPM</subfield><subfield code="b">eng</subfield><subfield code="c">PPM</subfield><subfield code="d">OCL</subfield><subfield code="d">OCLCQ</subfield></datafield><datafield ind1=" " ind2=" " tag="042"><subfield code="a">msc</subfield></datafield><datafield ind1="0" ind2="4" tag="245"><subfield code="a">The tri-weekly true issue.</subfield></datafield><datafield ind1="3" ind2="0" tag="246"><subfield code="a">Triweekly true issue</subfield></datafield><datafield ind1="3" ind2="0" tag="246"><subfield code="a">True issue</subfield></datafield><datafield ind1=" " ind2=" " tag="260"><subfield code="a">Vicksburg, Miss. :</subfield><subfield code="b">H.H. Miller &amp; C.L. Buck</subfield></datafield><datafield ind1=" " ind2=" " tag="310"><subfield code="a">Triweekly</subfield></datafield><datafield ind1="1" ind2=" " tag="362"><subfield code="a">Began in 1851?</subfield></datafield><datafield ind1=" " ind2=" " tag="588"><subfield code="a">Description based on: Vol. 1, no. 59 (Dec. 29, 1851).</subfield></datafield><datafield ind1=" " ind2=" " tag="752"><subfield code="a">United States</subfield><subfield code="b">Mississippi</subfield><subfield code="c">Warren</subfield><subfield code="d">Vicksburg.</subfield></datafield></record>